@inproceedings{Tan12,
    author = {Tantau, Till},
    title = {Graph Drawing in {TikZ}},
    booktitle = {Proceedings of the 20th International Conference on Graph Drawing},
    series = {GD'12},
    year = {2013},
    isbn = {978-3-642-36762-5},
    location = {Redmond, WA},
    pages = {517--528},
    numpages = {12},
    doi = {10.1007/978-3-642-36763-2_46},
    publisher = {Springer-Verlag},
    address = {Berlin, Heidelberg},
} 